<record><leader>00000cas a22000007a 4500</leader><controlfield tag="001">10379851</controlfield><controlfield tag="008">840206d19831986pauwr ne      0   a0eng d</controlfield><datafield ind1=" " ind2=" " tag="010"><subfield code="a">sn 84006012 </subfield></datafield><datafield ind1=" " ind2=" " tag="040"><subfield code="a">NSD</subfield><subfield code="b">eng</subfield><subfield code="c">NSD</subfield><subfield code="d">NPH</subfield><subfield code="d">OCLCQ</subfield></datafield><datafield ind1=" " ind2=" " tag="012"><subfield code="l">1</subfield></datafield><datafield ind1="1" ind2=" " tag="022"><subfield code="a">0742-4604</subfield><subfield code="l">0742-4604</subfield><subfield code="2">1</subfield></datafield><datafield ind1=" " ind2=" " tag="037"><subfield code="b">Market Square, 1514 Froman St., Pittsburgh, PA 15222</subfield></datafield><datafield ind1=" " ind2=" " tag="042"><subfield code="a">nsdp</subfield></datafield><datafield ind1="0" ind2=" " tag="130"><subfield code="a">Market Square (Pittsburgh, Pa.)</subfield></datafield><datafield ind1=" " ind2="0" tag="222"><subfield code="a">Market Square</subfield><subfield code="b">(Pittsburgh, Pa.)</subfield></datafield><datafield ind1="1" ind2="0" tag="245"><subfield code="a">Market Square :</subfield><subfield code="b">MSQ.</subfield></datafield><datafield ind1="3" ind2="0" tag="246"><subfield code="a">MSQ</subfield></datafield><datafield ind1="3" ind2="0" tag="246"><subfield code="a">M.S.Q.</subfield></datafield><datafield ind1=" " ind2=" " tag="260"><subfield code="a">Pittsburgh, Pa. :</subfield><subfield code="b">William J. Rasp,</subfield><subfield code="c">1983-1986.</subfield></datafield><datafield ind1=" " ind2=" " tag="300"><subfield code="a">v. :</subfield><subfield code="b">ill. ;</subfield><subfield code="c">38 cm.</subfield></datafield><datafield ind1=" " ind2=" " tag="310"><subfield code="a">Weekly</subfield></datafield><datafield ind1="0" ind2=" " tag="362"><subfield code="a">Vol. 14, no. 1 (Oct. 5, 1983)-v. 16, no. 20 (Jan. 15, 1986).</subfield></datafield><datafield ind1=" " ind2=" " tag="752"><subfield code="a">United States</subfield><subfield code="b">Pennsylvania</subfield><subfield code="c">Allegheny</subfield><subfield code="d">Pittsburgh.</subfield></datafield><datafield ind1="0" ind2="0" tag="780"><subfield code="t">Market Square of Pittsburgh</subfield><subfield code="w">(DLC)sn 85055000</subfield><subfield code="w">(OCoLC)2263854</subfield></datafield><datafield ind1=" " ind2=" " tag="936"><subfield code="a">Vol. 14, no. 14 (Jan. 11, 1984)</subfield></datafield><datafield ind1="1" ind2=" " tag="029"><subfield code="a">AU@</subfield><subfield code="b">000025794811</subfield></datafield></record>